@book{mohri2018foundations,
  title={Foundations of machine learning},
  author={Mohri, Mehryar and Rostamizadeh, Afshin and Talwalkar, Ameet},
  year={2018},
  publisher={MIT press}
}

@article{tom1997hill,
  title={Hill, McGraw},
  author={Tom, Mitchell},
  journal={Machine Learning},
  year={1997}
}

@book{alpaydin2020introduction,
  title={Introduction to machine learning},
  author={Alpaydin, Ethem},
  year={2020},
  publisher={MIT press}
}

@INPROCEEDINGS{8430387,  author={W. J. {Zhang} and G. {Yang} and Y. {Lin} and C. {Ji} and M. M. {Gupta}},  booktitle={2018 World Automation Congress (WAC)},   title={On Definition of Deep Learning},   year={2018},  volume={},  number={},  pages={1-5},  doi={10.23919/WAC.2018.8430387}}

@book{mehrotra1997elements,
  title={Elements of artificial neural networks},
  author={Mehrotra, Kishan and Mohan, Chilukuri K and Ranka, Sanjay},
  year={1997},
  publisher={MIT press}
}

@article{yamashita2018convolutional,
  title={Convolutional neural networks: an overview and application in radiology},
  author={Yamashita, Rikiya and Nishio, Mizuho and Do, Richard Kinh Gian and Togashi, Kaori},
  journal={Insights into imaging},
  volume={9},
  number={4},
  pages={611--629},
  year={2018},
  publisher={Springer}
}

@book{brownlee2019generative,
  title={Generative Adversarial Networks with Python: Deep Learning Generative Models for Image Synthesis and Image Translation},
  author={Brownlee, Jason},
  year={2019},
  publisher={Machine Learning Mastery}
}

@article{goodfellow2014generative,
  title={Generative adversarial networks},
  author={Goodfellow, Ian J and Pouget-Abadie, Jean and Mirza, Mehdi and Xu, Bing and Warde-Farley, David and Ozair, Sherjil and Courville, Aaron and Bengio, Yoshua},
  journal={arXiv preprint arXiv:1406.2661},
  year={2014}
}

@InProceedings{Selvaraju_2017_ICCV,
author = {Selvaraju, Ramprasaath R. and Cogswell, Michael and Das, Abhishek and Vedantam, Ramakrishna and Parikh, Devi and Batra, Dhruv},
title = {Grad-CAM: Visual Explanations From Deep Networks via Gradient-Based Localization},
booktitle = {Proceedings of the IEEE International Conference on Computer Vision (ICCV)},
month = {Oct},
year = {2017}
}

@article{DBLP:journals/corr/HeuselRUNKH17,
  author    = {Martin Heusel and
               Hubert Ramsauer and
               Thomas Unterthiner and
               Bernhard Nessler and
               G{\"{u}}nter Klambauer and
               Sepp Hochreiter},
  title     = {GANs Trained by a Two Time-Scale Update Rule Converge to a Nash Equilibrium},
  journal   = {CoRR},
  volume    = {abs/1706.08500},
  year      = {2017},
  url       = {http://arxiv.org/abs/1706.08500},
  archivePrefix = {arXiv},
  eprint    = {1706.08500},
  timestamp = {Sat, 23 Jan 2021 01:20:58 +0100},
  biburl    = {https://dblp.org/rec/journals/corr/HeuselRUNKH17.bib},
  bibsource = {dblp computer science bibliography, https://dblp.org}
}

@techreport{eiter1994computing,
  title={Computing discrete Fr{\'e}chet distance},
  author={Eiter, Thomas and Mannila, Heikki},
  year={1994},
  institution={Citeseer}
}

@article{lecun2015deep,
  title={Deep learning},
  author={LeCun, Yann and Bengio, Yoshua and Hinton, Geoffrey},
  journal={nature},
  volume={521},
  number={7553},
  pages={436--444},
  year={2015},
  publisher={Nature Publishing Group}
}

@InProceedings{Zhu_2017_ICCV,
author = {Zhu, Jun-Yan and Park, Taesung and Isola, Phillip and Efros, Alexei A.},
title = {Unpaired Image-To-Image Translation Using Cycle-Consistent Adversarial Networks},
booktitle = {Proceedings of the IEEE International Conference on Computer Vision (ICCV)},
month = {Oct},
year = {2017}
}
  
@article{targ2016resnet,
  title={Resnet in resnet: Generalizing residual architectures},
  author={Targ, Sasha and Almeida, Diogo and Lyman, Kevin},
  journal={arXiv preprint arXiv:1603.08029},
  year={2016}
}

@misc{isola2018imagetoimage,
      title={Image-to-Image Translation with Conditional Adversarial Networks}, 
      author={Phillip Isola and Jun-Yan Zhu and Tinghui Zhou and Alexei A. Efros},
      year={2018},
      eprint={1611.07004},
      archivePrefix={arXiv},
      primaryClass={cs.CV}
}